<?xml version="1.0" encoding="UTF-8"?><record xmlns="http://www.loc.gov/MARC21/slim" xmlns:cinclude="http://apache.org/cocoon/include/1.0" xmlns:zs="http://www.loc.gov/zing/srw/">
  <leader>00553cz  a2200133n  4500</leader>
  <controlfield tag="001">n  82026292 </controlfield>
  <controlfield tag="003">DLC</controlfield>
  <controlfield tag="005">20090104075856.0</controlfield>
  <controlfield tag="008">820301n| acannaabn          |n aaa      </controlfield>
  <datafield tag="010" ind1=" " ind2=" ">
    <subfield code="a">n  82026292 </subfield>
  </datafield>
  <datafield tag="035" ind1=" " ind2=" ">
    <subfield code="a">(OCoLC)oca00723457</subfield>
  </datafield>
  <datafield tag="040" ind1=" " ind2=" ">
    <subfield code="a">DLC</subfield>
    <subfield code="b">eng</subfield>
    <subfield code="c">DLC</subfield>
    <subfield code="d">OCoLC</subfield>
  </datafield>
  <datafield tag="100" ind1="1" ind2=" ">
    <subfield code="a">Hill, May Davis</subfield>
  </datafield>
  <datafield tag="670" ind1=" " ind2=" ">
    <subfield code="a">Her Telltale photographs, 1981:</subfield>
    <subfield code="b">t.p. (May Davis Hill) introd. (curator for Bentley Historical Library; master's degree, Univ. of N.C. at Chapel Hill; publications include catalogues for museum exhibitions and articles in field of historical photography)</subfield>
  </datafield>
</record>